@article{Koch1998SolvingST,
  title={Solving Steiner tree problems in graphs to optimality},
  author={Thorsten Koch and Alexander Martin},
  journal={Networks},
  year={1998},
  volume={32},
  pages={207-232}
}
